@article{1,
    author = {T.Ozaki},
    title = {NAXIMUM LIKELIHOOD ESTIMATION OF HAWKE's SELF-EXITING POINT PROCESS},
    journal = {Ann.Inst.Statist.Math.},
    volume = 31,
    pages = {145--145},
    year = 1979
}

@article{2,
    author = {T.Ozaki},
    title = {NAXIMUM LIKELIHOOD ESTIMATION OF HAWKE's SELF-EXITING POINT PROCESS},
    journal = {Ann.Inst.Statist.Math.},
    volume = 31,
    number = 2,
    pages = {145--145},
    year = 1979
}



